<record><leader>00000cas a2200000 a 4500</leader><controlfield tag="001">48658108</controlfield><controlfield tag="008">011221d197u1978cauwr ne      0    0eng c</controlfield><datafield ind1=" " ind2=" " tag="010"><subfield code="a">sn2001060581</subfield></datafield><datafield ind1=" " ind2=" " tag="040"><subfield code="a">CNK</subfield><subfield code="b">eng</subfield><subfield code="c">CNK</subfield><subfield code="d">OCLCQ</subfield><subfield code="d">OCLCF</subfield><subfield code="d">OCLCO</subfield></datafield><datafield ind1="1" ind2=" " tag="029"><subfield code="a">AU@</subfield><subfield code="b">000023276743</subfield></datafield><datafield ind1=" " ind2=" " tag="042"><subfield code="a">pcc</subfield></datafield><datafield ind1=" " ind2=" " tag="043"><subfield code="a">n-us-ca</subfield></datafield><datafield ind1="0" ind2=" " tag="130"><subfield code="a">Beach cities &amp; Capistrano Valley news (Laguna Niguel, Calif. : Laguna Niguel ed.)</subfield></datafield><datafield ind1="1" ind2="0" tag="245"><subfield code="a">Beach cities &amp; Capistrano Valley news.</subfield></datafield><datafield ind1="3" ind2=" " tag="246"><subfield code="a">Beach cities and Capistrano Valley news</subfield></datafield><datafield ind1=" " ind2=" " tag="250"><subfield code="a">Laguna Niguel ed.</subfield></datafield><datafield ind1=" " ind2=" " tag="260"><subfield code="a">Laguna Niguel, Calif. :</subfield><subfield code="b">Golden West Pub. Corp.</subfield></datafield><datafield ind1=" " ind2=" " tag="300"><subfield code="a">v.</subfield></datafield><datafield ind1=" " ind2=" " tag="310"><subfield code="a">Weekly</subfield></datafield><datafield ind1="0" ind2=" " tag="362"><subfield code="a">-v. 6, no. 34 (Apr. 26, 1978).</subfield></datafield><datafield ind1=" " ind2=" " tag="500"><subfield code="a">Publication moved to Mission Viejo, Calif., May 5, 1976.</subfield></datafield><datafield ind1=" " ind2=" " tag="580"><subfield code="a">Published in several local editions.</subfield></datafield><datafield ind1=" " ind2=" " tag="588"><subfield code="a">Description based on: Vol. 4, no. 32 (Apr. 14, 1976).</subfield></datafield><datafield ind1=" " ind2="0" tag="651"><subfield code="a">Laguna Niguel (Calif.)</subfield><subfield code="v">Newspapers.</subfield></datafield><datafield ind1=" " ind2="7" tag="655"><subfield code="a">Newspapers.</subfield><subfield code="2">fast</subfield><subfield code="0">(OCoLC)fst01423814</subfield></datafield><datafield ind1=" " ind2="7" tag="651"><subfield code="a">California</subfield><subfield code="z">Laguna Niguel.</subfield><subfield code="2">fast</subfield><subfield code="0">(OCoLC)fst01231340</subfield></datafield><datafield ind1=" " ind2=" " tag="752"><subfield code="a">United States</subfield><subfield code="b">California</subfield><subfield code="c">Orange</subfield><subfield code="d">Mission Viejo.</subfield></datafield><datafield ind1=" " ind2=" " tag="752"><subfield code="a">United States</subfield><subfield code="b">California</subfield><subfield code="c">Orange</subfield><subfield code="d">Laguna Niguel.</subfield></datafield><datafield ind1="0" ind2="0" tag="785"><subfield code="t">Capistrano Valley news (Mission Viejo, Calif. : Laguna Niguel ed.)</subfield><subfield code="w">(DLC)sn2001060582</subfield></datafield></record>